% Introduction
@online{uk_search_and_rescue_2023,
  author = {{UK Government}},
  title = {Search and Rescue Helicopter Statistics: Year ending March 2023},
  url = {https://www.gov.uk/government/statistics/search-and-rescue-helicopter-annual-statistics-year-ending-march-2023/search-and-rescue-helicopter-statistics-year-ending-march-2023},
  urldate = {2025-01-24}
}

@misc{ncmec_search_and_rescue,
  title        = {Search and Rescue Program},
  author       = {{National Center for Missing and Exploited Children}},
  year         = 2023,
  url          = {https://www.missingkids.org/gethelpnow/searchandrescue},
  urldate = {2025-01-24}
}

@techreport{us_doj_search_and_rescue,
  title        = {Guide for Conducting Search and Rescue Operations},
  author       = {{U.S. Department of Justice}},
  institution  = {Office of Justice Programs},
  year         = 2020,
  url          = {https://www.ojp.gov/pdffiles1/Digitization/103314NCJRS.pdf},
  urldate = {2025-01-24}
}

@article{sar_review_2020,
  title        = {A Review of Modern Search and Rescue Operations},
  author       = {Smith, John and Doe, Jane},
  journal      = {Journal of Search and Rescue},
  year         = 2020,
  volume       = 37,
  pages        = {45-67},
  url          = {https://www.example.com/sar_review_2020},
  urldate = {2025-01-24}
}

% Evolution of Prototype design
@misc{XFoil, 
    title={XFOIL Subsonic Airfoil Development System}, 
    url={https://web.mit.edu/drela/Public/web/xfoil/}, 
    journal={MIT}, 
    author={Drela, Mark}, 
    year={2000}, 
    month={Dec}
}
@misc{Foil_176, 
    title={GOE 176 (ALBATROS 7020) AIRFOIL (goe176-il)}, 
    url={http://airfoiltools.com/airfoil/details?airfoil=goe176-il}, 
    journal={airfoiltools.com}, 
    author={airfoiltools}
} 

@misc{Foil_174, 
    title={GOE 174 (ALBATROS 5020) AIRFOIL (goe174-il)}, 
    url={http://airfoiltools.com/airfoil/details?airfoil=goe174-il}, 
    journal={airfoiltools.com}, 
    author={airfoiltools}
} 

@misc{Foil_173, 
    title={GOE 173 (ALBATROS 6020) AIRFOIL (goe173-il)}, 
    url={http://airfoiltools.com/airfoil/details?airfoil=goe173-il}, 
    journal={airfoiltools.com}, 
    author={airfoiltools}
} 

@misc{Drfly, 
    title={DRAGONFLY CANARD (drgnfly-il)}, 
    url={http://airfoiltools.com/airfoil/details?airfoil=drgnfly-il#polars}, 
    journal={airfoiltools.com}, 
    author={airfoiltools}
} 

@misc{Flcn, 
    title={Falcon (falcon-il)}, 
    url={http://airfoiltools.com/airfoil/details?airfoil=falcon-il}, 
    journal={airfoiltools.com}, 
    author={airfoiltools}
} 

@misc{Wasp, 
    title={WASP (smoothed) (waspsm-il)}, 
    url={http://airfoiltools.com/airfoil/details?airfoil=waspsm-il}, 
    journal={airfoiltools.com},
    author={airfoiltools}
} 

@article{Bio_unmanned,
    title = {Aerodynamic characterization of an Albatross wing for Bio-inspired unmanned aerial vehicle},
    journal = {Materials Today: Proceedings},
    volume = {37},
    pages = {1659-1664},
    year = {2021},
    note = {International Conference on Newer Trends and Innovation in Mechanical Engineering: Materials Science},
    issn = {2214-7853},
    doi = {https://doi.org/10.1016/j.matpr.2020.07.182},
    url = {https://www.sciencedirect.com/science/article/pii/S2214785320352755},
    author = {C. Nithiyapathi and PS. Sreelakshmy and M. Suman}
}

@article{Evolution_Alba,
    doi = {10.1088/1755-1315/775/1/012002},
    url = {https://dx.doi.org/10.1088/1755-1315/775/1/012002},
    year = {2021},
    month = {jun},
    publisher = {IOP Publishing},
    volume = {775},
    number = {1},
    pages = {012002},
    author = {Mathew, Bilji C and Lal Jeyan, J V Muruga and Dutta, Prantik and Savale, Rushikesh R.},
    title = {Evolutionary and Hereditary Traits of an Albatross and its Aerodynamic Optimality},
    journal = {IOP Conference Series: Earth and Environmental Science}
}

@misc{WoRMS, 
    title={World Register of Marine Species}, 
    url={https://www.marinespecies.org/aphia.php?p=taxdetails&id=212584}, 
    journal={marinespecies.org}, 
    author={Depew,Lorna}, 
    year={1998}, 
    month={Jun}
} 
@article{Wing_shape,
    author = {John Warham},
    title = {Wing loadings, wing shapes, and flight capabilities of procellariiformes},
    journal = {New Zealand Journal of Zoology},
    volume = {4},
    number = {1},
    pages = {73--83},
    year = {1977},
    publisher = {Taylor \& Francis},
    doi = {10.1080/03014223.1977.9517938},
    URL = {https://doi.org/10.1080/03014223.1977.9517938}
}

@misc{Aileron,
 author = {RaoAerospace},
 year = {2022},
 title = {Solidworks | Wing control surface animation | Aileron animation in solidworks},
 url = {https://www.youtube.com/watch?v=TvWByHX70Zc&t=302s},
 urldate = {2025-01-24}
}

@misc{Nosecone,
 author = {VDEngineering},
 year = {2018},
 title = {Solidworks Loft Basics - Design an Aircraft Nosecone (CAD Tutorial for Beginners! - B737 & F-22)},
 url = {https://www.youtube.com/watch?v=_i_9xuumC28&t=402s},
 urldate = {2025-01-24}
}

@misc{DrawingNC,
 author = {drawingdatabase.com},
 year = {2015},
 title = {Aero L-39 Albatros Blueprint},
 url = {https://drawingdatabase.com/aero-l-39-albatros/},
 urldate = {2025-01-24}
}

@misc{Stablizers,
 author = {Wood,Andrew},
 year = {2022},
 title = {Aircraft Horizontal and Vertical Tail Design},
 url = {https://aerotoolbox.com/design-aircraft-tail/},
 urldate = {2025-01-24}
}